<?xml version = "1.0" encoding = "UTF-8"?><record>
  <leader>01661naa#a2200385#c#4500</leader>
  <controlfield tag="005">20211116125100.0</controlfield>
  <controlfield tag="007">tu</controlfield>
  <controlfield tag="008">211116s2021####gw############|||#|#ger#c</controlfield>
  <controlfield tag="003">DE-605</controlfield>
  <controlfield tag="001">99371062433606441</controlfield>
  <datafield tag="035" ind1=" " ind2=" ">
    <subfield code="a">(DE-605)HT021148830</subfield>
  </datafield>
  <datafield tag="040" ind1=" " ind2=" ">
    <subfield code="a">HBZ/ALMA-NZ</subfield>
    <subfield code="b">ger</subfield>
    <subfield code="c">DE-61</subfield>
    <subfield code="e">rda</subfield>
    <subfield code="d">DE-605</subfield>
  </datafield>
  <datafield tag="041" ind1=" " ind2=" ">
    <subfield code="a">ger</subfield>
  </datafield>
  <datafield tag="044" ind1=" " ind2=" ">
    <subfield code="c">XA-DE-BE</subfield>
  </datafield>
  <datafield tag="084" ind1=" " ind2=" ">
    <subfield code="a">Duisburg</subfield>
    <subfield code="0">https://nwbib.de/spatial#Q2100</subfield>
    <subfield code="2">nwbib</subfield>
  </datafield>
  <datafield tag="084" ind1=" " ind2=" ">
    <subfield code="a">Kleve</subfield>
    <subfield code="0">https://nwbib.de/spatial#Q6842</subfield>
    <subfield code="2">nwbib</subfield>
  </datafield>
  <datafield tag="084" ind1=" " ind2=" ">
    <subfield code="a">D&#252;sseldorf</subfield>
    <subfield code="0">https://nwbib.de/spatial#Q1718</subfield>
    <subfield code="2">nwbib</subfield>
  </datafield>
  <datafield tag="084" ind1=" " ind2=" ">
    <subfield code="a">K&#252;nstler</subfield>
    <subfield code="0">https://nwbib.de/subjects#N841070</subfield>
    <subfield code="2">nwbib</subfield>
  </datafield>
  <datafield tag="100" ind1="1" ind2=" ">
    <subfield code="a">Hahnen, Inke Maria</subfield>
    <subfield code="4">aut</subfield>
  </datafield>
  <datafield tag="245" ind1="1" ind2="0">
    <subfield code="a">Lehmbruck durch die Augen von Beuys</subfield>
    <subfield code="b">Wahlverwandtschaft, K&#252;nstlermythos und die Rolle Rudolf Steiners</subfield>
    <subfield code="c">Inke Maria Hahnen</subfield>
  </datafield>
  <datafield tag="264" ind1=" " ind2="1">
    <subfield code="a">Berlin</subfield>
    <subfield code="b">Hatje Cantz Verlag</subfield>
    <subfield code="c">2021</subfield>
  </datafield>
  <datafield tag="300" ind1=" " ind2=" ">
    <subfield code="b">Illustrationen (schwarz-wei&#223;)</subfield>
  </datafield>
  <datafield tag="336" ind1=" " ind2=" ">
    <subfield code="b">txt</subfield>
  </datafield>
  <datafield tag="336" ind1=" " ind2=" ">
    <subfield code="b">sti</subfield>
  </datafield>
  <datafield tag="337" ind1=" " ind2=" ">
    <subfield code="b">n</subfield>
  </datafield>
  <datafield tag="338" ind1=" " ind2=" ">
    <subfield code="b">nc</subfield>
  </datafield>
  <datafield tag="689" ind1="0" ind2="0">
    <subfield code="a">Lehmbruck, Wilhelm</subfield>
    <subfield code="d">1881-1919</subfield>
    <subfield code="D">p</subfield>
    <subfield code="0">(DE-588)118571117</subfield>
    <subfield code="0">(uri) https://portal.dnb.de/opac.htm?method=simpleSearch&amp;cqlMode=true&amp;query=idn=118571117</subfield>
    <subfield code="0">(uri) http://viaf.org/viaf/sourceID/DNB|118571117</subfield>
  </datafield>
  <datafield tag="689" ind1="0" ind2="1">
    <subfield code="a">Rezeption</subfield>
    <subfield code="D">s</subfield>
    <subfield code="0">(DE-588)4049716-1</subfield>
    <subfield code="0">(uri) https://portal.dnb.de/opac.htm?method=simpleSearch&amp;cqlMode=true&amp;query=idn=04049716X</subfield>
    <subfield code="0">(uri) http://viaf.org/viaf/sourceID/DNB|04049716X</subfield>
  </datafield>
  <datafield tag="689" ind1="0" ind2="2">
    <subfield code="a">Beuys, Joseph</subfield>
    <subfield code="d">1921-1986</subfield>
    <subfield code="D">p</subfield>
    <subfield code="0">(DE-588)118510460</subfield>
    <subfield code="0">(uri) https://portal.dnb.de/opac.htm?method=simpleSearch&amp;cqlMode=true&amp;query=idn=118510460</subfield>
    <subfield code="0">(uri) http://viaf.org/viaf/sourceID/DNB|118510460</subfield>
  </datafield>
  <datafield tag="689" ind1="0" ind2="3">
    <subfield code="a">Geschichte</subfield>
    <subfield code="A">z</subfield>
  </datafield>
  <datafield tag="773" ind1="0" ind2="8">
    <subfield code="i">Enthalten in</subfield>
    <subfield code="t">Beuys - Lehmbruck : Denken ist Plastik / Herausgeberinnen: Stiftung Wilhelm Lehmbruck Museum, vertreten durch S&#246;ke Dinkla; Kunst- und Ausstellungshalle der Bundesrepublik Deutschland, vertreten durch Eva Kraus ; Redaktion: Johanna Adam, Inke Maria Hahnen, Jessica Keilholz-Busch</subfield>
    <subfield code="d">Berlin : Hatje Cantz Verlag, 2021</subfield>
    <subfield code="g">Seite 178-187</subfield>
    <subfield code="k">Beuys 2021</subfield>
    <subfield code="w">(DE-605)HT020944289</subfield>
    <subfield code="z">9783775751087</subfield>
    <subfield code="z">3775751084</subfield>
  </datafield>
  <datafield tag="960" ind1="1" ind2=" ">
    <subfield code="n">NWBib-61</subfield>
  </datafield>
  <datafield tag="964" ind1="0" ind2="s">
    <subfield code="F">051</subfield>
    <subfield code="A">a|||||||</subfield>
  </datafield>
  <datafield tag="964" ind1="0" ind2="s">
    <subfield code="F">030</subfield>
    <subfield code="A">a|zur||||||17</subfield>
  </datafield>
  <datafield tag="964" ind1="0" ind2="s">
    <subfield code="F">050</subfield>
    <subfield code="A">a|a|||||||||||</subfield>
  </datafield>
  <datafield tag="035" ind1=" " ind2=" ">
    <subfield code="a">(DE-599)HBZHT021148830</subfield>
  </datafield>
  <datafield tag="MBD" ind1=" " ind2=" ">
    <subfield code="M">49HBZ_NETWORK</subfield>
    <subfield code="i">99371062433606441</subfield>
    <subfield code="n">HBZ Network</subfield>
  </datafield>
  <datafield tag="MNG" ind1=" " ind2=" ">
    <subfield code="c">System</subfield>
    <subfield code="f">HBZ</subfield>
    <subfield code="i">marc21</subfield>
    <subfield code="h">20211116125100.0</subfield>
    <subfield code="k">01</subfield>
    <subfield code="e">false</subfield>
    <subfield code="d">2021-12-06 04:55:05 Europe/Berlin</subfield>
    <subfield code="g">99371062433606441</subfield>
    <subfield code="j">60</subfield>
    <subfield code="a">PFLUGHU######49HBZ_DUE</subfield>
    <subfield code="b">2021-11-16 12:50:46 Europe/Berlin</subfield>
  </datafield>
</record>